% Encoding: UTF-8

@WWW{KotlinFoundation2022,
  author       = {{Kotlin Foundation}},
  date         = {2022-09-06},
  title        = {What is cross-platform mobile development?},
  url          = {https://kotlinlang.org/docs/cross-platform-mobile-development.html},
  organization = {Kotlin Foundation},
}

@WWW{Marchuk,
  author = {Anastasiya Marchuk},
  title  = {Native vs Cross-Platform Development: Pros and Cons Revealed},
  url    = {https://www.uptech.team/blog/native-vs-cross-platform-app-development},
}

@WWW{Schmitt2022,
  author = {Jacob Schmitt},
  date   = {2022-08-24},
  title  = {Native vs cross-platform mobile app development},
  url    = {https://circleci.com/blog/native-vs-cross-platform-mobile-dev/?utm_source=google},
}

@WWW{Abby2023,
  author = {Abby},
  date   = {2023-02},
  title  = {{COBOL Guide: History, Origin, and More}},
  url    = {https://history-computer.com/cobol-guide/},
}

@WWW{Ab,
  author = {Ab, ShimmerCat},
  title  = {{The current HTTP/2 adoption and the quite recent history}},
  url    = {https://www.shimmercat.com/blog/http2adoption/},
}

@WWW{2023,
  date  = {2023-03},
  title = {{An overview of HTTP}},
  url   = {https://developer.mozilla.org/en-US/docs/Web/HTTP/Overview},
}

@WWW{Microsoft2020,
  author       = {{Microsoft}},
  date         = {2020-09},
  title        = {{Introduction to SignalR}},
  url          = {https://learn.microsoft.com/en-us/aspnet/signalr/overview/getting-started/introduction-to-signalr},
  organization = {{Microsoft}},
}

@WWW{Davidbritch2023,
  author = {David Britch},
  date   = {2023-01},
  title  = {{What is .NET MAUI?}},
  url    = {https://learn.microsoft.com/en-us/dotnet/maui/what-is-maui?view=net-maui-7.0},
}

@WWW{2023a,
  date  = {2023-03},
  title = {{Evolution of HTTP}},
  url   = {https://developer.mozilla.org/en-US/docs/Web/HTTP/Basics_of_HTTP/Evolution_of_HTTP},
}

@WWW{FulberGarcia2022,
  author = {Fulber-Garcia, Vinicius and Fulber-Garcia, Vinicius},
  date   = {2022-11},
  title  = {{HTTP: 1.0 vs. 1.1 vs 2.0 vs. 3.0}},
  url    = {https://www.baeldung.com/cs/http-versions},
}

@WWW{Grigorik,
  author = {Grigorik, Ilya},
  title  = {{High Performance Browser Networking}},
  url    = {https://www.oreilly.com/library/view/high-performance-browser/9781449344757/ch09.html},
}

@WWW{2016,
  date  = {2016-09},
  title = {{Introduction to HTTP/2}},
  url   = {https://web.dev/performance-http2},
}

@WWW{Kathiresan2022,
  author = {Kathiresan, Selva Ganapathy},
  date   = {2022-11},
  title  = {{Xamarin Versus .NET MAUI}},
  url    = {https://www.syncfusion.com/blogs/post/xamarin-versus-net-maui.aspx},
}

@WWW{Koleva2023,
  author = {Koleva, Plamena},
  date   = {2023-02},
  title  = {{From Xamarin to MAUI, What has changed?}},
  url    = {https://flatrocktech.com/xamarin-forms-maui-migration/#:~:text=Xamarin%20vs%20MAUI&text=NET%20MAUI%20diverge%20most%20in,iOS%2C%20en%20Android%20platform%20code},
}

@WWW{KotlinFoundation2023,
  author       = {{Kotlin Foundation}},
  date         = {2023-03-29},
  title        = {{Native and cross-platform app development: how to choose?}},
  url          = {https://kotlinlang.org/docs/native-and-cross-platform.html},
  organization = {Kotlin Foundation},
}

@WWW{NMAH2013,
  author       = {{National Museum of American History}},
  date         = {2013-09},
  title        = {{Proposing COBOL}},
  url          = {https://americanhistory.si.edu/cobol/proposing-cobol},
  organization = {National Museum of American History},
}

@WWW{UXDivers,
  author = {UXDivers},
  title  = {{.NET MAUI vs Xamarin.Forms: A Comparison of Cross-Platform Frameworks}},
  url    = {https://grialkit.com/blog/learn-the-key-differences-between-net-maui-vs-xamarin-forms-for-cross-platform-mobile-and-desktop-development},
}

@WWW{,
  title = {{What is HTTP?}},
  url   = {https://www.paessler.com/it-explained/http},
}

@Comment{jabref-meta: databaseType:biblatex;}
