@WWW{Britch2022,
  author = {David Britch and Ivan Gechev},
  date   = {2022-11-08},
  title  = {What is .NET MAUI?},
  url    = {https://learn.microsoft.com/en-us/dotnet/maui/what-is-maui?view=net-maui-7.0},
}

@WWW{KotlinFoundation2022,
  author       = {{Kotlin Foundation}},
  date         = {2022-09-06},
  title        = {What is cross-platform mobile development?},
  url          = {https://kotlinlang.org/docs/cross-platform-mobile-development.html},
  organization = {Kotlin Foundation},
}

@WWW{Marchuk,
  author = {Anastasiya Marchuk},
  title  = {Native vs Cross-Platform Development: Pros And Cons Revealed},
  url    = {https://www.uptech.team/blog/native-vs-cross-platform-app-development},
}

@WWW{Schmitt2022,
  author = {Jacob Schmitt},
  date   = {2022-08-24},
  title  = {Native vs cross-platform mobile app development},
  url    = {https://circleci.com/blog/native-vs-cross-platform-mobile-dev/?utm_source=google},
}

@WWW{Lutkevich2022,
  author = {Ben Lutkevich},
  date   = {2022-05-09},
  title  = {real-time application (RTA)},
  url    = {https://www.techtarget.com/searchunifiedcommunications/definition/real-time-application-RTA},
}

@WWW{MDN2022,
  author = {MDN},
  date   = {2022-11-22},
  title  = {An overview of HTTP},
  url    = {https://developer.mozilla.org/en-US/docs/Web/HTTP/Overview},
}

@WWW{GeeksforGeeks2022,
  author = {GeeksforGeeks},
  date   = {2022-02-21},
  title  = {What is web socket and how it is different from the HTTP?},
  url    = {https://www.geeksforgeeks.org/what-is-web-socket-and-how-it-is-different-from-the-http/},
}

@Comment{jabref-meta: databaseType:biblatex;}
